% This file was created with JabRef 2.10b2.
% Encoding: ISO-8859-1


@Article{Brer14,
  Title                    = {A short history of chemometrics: a personal view},
  Author                   = {Brereton, R. G.},
  Journal                  = {J. Chemom.},
  Year                     = {2014},
  Pages                    = {749--760},
  Volume                   = {28},

  Owner                    = {furtula},
  Timestamp                = {2016.06.07}
}

@Book{BHJG06,
  Title                    = {Data Analysis for Chemistry --- An Introductory Guide for Students and Laboratory Scientists},
  Author                   = {Brynn Hibbert, D. and Justin Gooding, J.},
  Publisher                = {Oxford Univ. Press},
  Year                     = {2006},

  Address                  = {Oxford}
}

@Book{Otto2007,
  Title                    = {Chemometrics},
  Author                   = {Otto, M.},
  Publisher                = {Wiley},
  Year                     = {2007},

  Address                  = {New York},

  __markedentry            = {[furtula:6]}
}

@comment{jabref-meta: databaseType:bibtex;}

